% !TeX encoding = Windows-1251

@BOOK{Staroletov,
  author    = {С. М. Старолетов},
  title     = {Основы тестирования и верификации программного обеспечения},
  publisher = {Лань},
  address   = {СПб.},
  year      = {2023},
  language  = {russian},
  edition   = {3},
  pages     = {342},
}

@BOOK{Kulikov,
  author    = {С. С. Куликов },
  title     = {Тестирование программного обеспечения. Базовый курс},
  publisher = {Четыре четверти},
  address   = {Минск},
  year      = {2017},
  language  = {russian},
  edition   = {2},
  pages     = {312},
}

@BOOK{Dustin,
  author    = {Элфрид Дастин and Джефф Рэшка and Джон Пол},
  title     = {Автоматизированное тестирование программного обеспечения},
  publisher = {Лори},
  address   = {Москва},
  year      = {2003},
  language  = {russian},
  edition   = {3},
  pages     = {567},
}

@ARTICLE{Import_test,
  author  = {Н. В. Логачева and М. Л. Ладонычева and К. С. Пузырева},
  title   = {ВАЖНОСТЬ ТЕСТИРОВАНИЯ ПРОГРАММНОГО ОБЕСПЕЧЕНИЯ В ПРОЦЕССЕ РАЗРАБОТКИ ПРОГРАММНОГО ОБЕСПЕЧЕНИЯ},
  journal = {Инновационная наука},
  pages   = {23--26},
  number  = {2--2},
  year    = {2022},
  language = {russian}
}

@ARTICLE{Krya,
  author  = {Ю. А. Крякушина},
  title   = {Оценка методов тестирования},
  journal = {Электронные средства и системы управления. Материалы докладов Международной научно-практической конференции},
  pages   = {84--87},
  number  = {1--2},
  year    = {2016},
  language = {russian}
}

@ARTICLE{Ivanova,
  author  = {О. И. Бедердинова and Л. А. Иванова},
  title   = {СОВЕРШЕНСТВОВАНИЕ МЕТОДА ТЕСТИРОВАНИЯ ПРОГРАММНОГО ОБЕСПЕЧЕНИЯ «БЕЛЫЙ ЯЩИК»},
  journal = {Arctic Environmental Research},
  pages   = {113--123},
  number  = {2},
  year    = {2014},
  language = {russian}
}

@ARTICLE{Bugaenko,
  author  = {Р. С. Бугаенко},
  title   = {АВТОМАТИЗИРОВАННОЕ ТЕСТИРОВАНИЕ ПРИ РАЗРАБОТКЕ ПРОГРАММНОГО ОБЕСПЕЧЕНИЯ},
  journal = {Международная научно-техническая конференция молодых ученых},
  pages   = {3835--3840},
  year    = {2020},
  language = {russian}
}

@ARTICLE{Sharm,
  author          = {R. M. Sharma},
  title           = {Quantitative Analysis of Automation and Manual Testing},
  journal         = {International Journal of Engineering and Innovative Technology},
  year            = {2014},
  language        = {english},
  number          = {4--1},
  pages           = {252--257}
}

@ARTICLE{SoftSkills,
  author          = {Faheem Ahmed and Luiz Fernando Capretz and Salah Bouktif and Piers R. J. Campbell},
  title           = {Soft Skills Requirements in Software Development Jobs: A Cross-Cultural Empirical Study},
  journal         = {J. Systems and IT},
  year            = {2012},
  language        = {english},
  number          = {14--1},
  pages           = {58--81}
}

@INCOLLECTION{Yandex,
  title        = {{Курс для тестировщиков: онлайн-обучение на QA инженера по тестированию приложений с нуля} [{Э}лектронный ресурс]},
  organization = {Яндекс Практикум},
  year         = {2023},
  note         = {URL:~{\href{https://practicum.yandex.ru/qa-engineer/}{https://practicum.yandex.ru/qa-engineer/}}\ (Дата обращения 20.05.2023). Загл. с экр. Яз. рус.}
}

@INCOLLECTION{Salary,
  title        = {{Зарплата Тестировщика ПО в России за 2023 год, средняя зарплата в России} [{Э}лектронный ресурс]},
  organization = {ГородРабот.ру},
  year         = {2023},
  note         = {URL:~{\href{https://gorodrabot.ru/salary?p=%D1%82%D0%B5%D1%81%D1%82%D0%B8%D1%80%D0%BE%D0%B2%D1%89%D0%B8%D0%BA+%D0%BF%D0%BE}{https://gorodrabot.ru/salary?p=тестировщик+по}}\ (Дата обращения 20.05.2023). Загл. с экр. Яз. рус.}
}

@INCOLLECTION{salarySar,
  title        = {{Зарплата Тестировщика ПО в Саратове за 2023 год, средняя зарплата в Саратове} [{Э}лектронный ресурс]},
  organization = {ГородРабот.ру},
  year         = {2023},
  note         = {URL:~{\href{https://gorodrabot.ru/salary?p=%D1%82%D0%B5%D1%81%D1%82%D0%B8%D1%80%D0%BE%D0%B2%D1%89%D0%B8%D0%BA\&l=%D1%81%D0%B0%D1%80%D0%B0%D1%82%D0%BE%D0%B2}{https://gorodrabot.ru/salary?p=тестировщик\&l=саратов}}\ (Дата обращения 20.05.2023). Загл. с экр. Яз. рус.}
}

@INCOLLECTION{BaseofTest,
  author       = {К. А. Кулаков and В. М. Димитров},
  title        = {{Основы тестирования программного обеспечения} [{Э}лектронный ресурс]},
  organization = {Петрозаводский государственный университет},
  year         = {2018},
  note         = {URL:~{\href{https://cs.petrsu.ru/~kulakov/papers/docs/2018/methodics.pdf}{https://cs.petrsu.ru/kulakov/papers/docs/2018/methodics.pdf}}\ (Дата обращения 12.05.2023). Загл. с экр. Яз. рус.}
}
